%YAML 1.1
%TAG !u! tag:unity3d.com,2011:
--- !u!241 &24100000
AudioMixerController:
  m_ObjectHideFlags: 0
  m_PrefabParentObject: {fileID: 0}
  m_PrefabInternal: {fileID: 0}
  m_Name: MicrophoneMixer
  m_OutputGroup: {fileID: 0}
  m_MasterGroup: {fileID: 24300002}
  m_Snapshots:
  - {fileID: 24500006}
  m_StartSnapshot: {fileID: 24500006}
  m_SuspendThreshold: -80
  m_EnableSuspend: 1
  m_UpdateMode: 0
  m_ExposedParameters: []
  m_AudioMixerGroupViews:
  - guids:
    - a93fdfb2470b66a4e88768ec51904530
    - 1bb7ed8e85c365948ac791b53b763e4a
    - a093fbfbabe16394b89fe4d0af20d203
    name: View
  m_CurrentViewIndex: 0
  m_TargetSnapshot: {fileID: 24500006}
--- !u!243 &24300002
AudioMixerGroupController:
  m_ObjectHideFlags: 0
  m_PrefabParentObject: {fileID: 0}
  m_PrefabInternal: {fileID: 0}
  m_Name: Master
  m_AudioMixer: {fileID: 24100000}
  m_GroupID: a93fdfb2470b66a4e88768ec51904530
  m_Children:
  - {fileID: 243948956683366562}
  - {fileID: 243268739110553080}
  m_Volume: 2efd2cb9fcef9c842b72f1338bd50701
  m_Pitch: dd6d7fb564a4d2740b41b5df3261dbdc
  m_Effects:
  - {fileID: 24400004}
  m_UserColorIndex: 0
  m_Mute: 0
  m_Solo: 0
  m_BypassEffects: 0
--- !u!244 &24400004
AudioMixerEffectController:
  m_ObjectHideFlags: 3
  m_PrefabParentObject: {fileID: 0}
  m_PrefabInternal: {fileID: 0}
  m_Name: 
  m_EffectID: fcf772e7f42137540add4a1f844ec1cf
  m_EffectName: Attenuation
  m_MixLevel: 68792c14fa8c7444dbc88b7c15ca65af
  m_Parameters: []
  m_SendTarget: {fileID: 0}
  m_EnableWetMix: 0
  m_Bypass: 0
--- !u!245 &24500006
AudioMixerSnapshotController:
  m_ObjectHideFlags: 0
  m_PrefabParentObject: {fileID: 0}
  m_PrefabInternal: {fileID: 0}
  m_Name: Snapshot
  m_AudioMixer: {fileID: 24100000}
  m_SnapshotID: 16e6a63ae4f5af747861313eed7bfe07
  m_FloatValues:
    e5c24220b7ca1f341b5bd573680eb17e: 2000
    c4982122fabb00d4b8f9287390d0d2ef: 0.769
    5c45e943798e4594d932627d2275d0ee: 0.692
    b5187c54f51cb8b45b6c0f9444c0aeb9: 0.1
    4d14e2d7dac0e904a9a038c7839f1221: -10000
    8c3f82fa8ad08814eb16da9e87b36fe2: -14.9
  m_TransitionOverrides: {}
--- !u!243 &243268739110553080
AudioMixerGroupController:
  m_ObjectHideFlags: 0
  m_PrefabParentObject: {fileID: 0}
  m_PrefabInternal: {fileID: 0}
  m_Name: telephone
  m_AudioMixer: {fileID: 24100000}
  m_GroupID: a093fbfbabe16394b89fe4d0af20d203
  m_Children: []
  m_Volume: 8c3f82fa8ad08814eb16da9e87b36fe2
  m_Pitch: a005fe83fd78e9f4fbd975fa5d03453d
  m_Effects:
  - {fileID: 244206686564549994}
  - {fileID: 244584182325417880}
  m_UserColorIndex: 0
  m_Mute: 0
  m_Solo: 0
  m_BypassEffects: 0
--- !u!243 &243948956683366562
AudioMixerGroupController:
  m_ObjectHideFlags: 0
  m_PrefabParentObject: {fileID: 0}
  m_PrefabInternal: {fileID: 0}
  m_Name: Mic
  m_AudioMixer: {fileID: 24100000}
  m_GroupID: 1bb7ed8e85c365948ac791b53b763e4a
  m_Children: []
  m_Volume: 212b7811738f144438531980b2695dff
  m_Pitch: a4d2d133189651d4d98ad56b83a1fbeb
  m_Effects:
  - {fileID: 244273783323440504}
  m_UserColorIndex: 0
  m_Mute: 0
  m_Solo: 0
  m_BypassEffects: 0
--- !u!244 &244206686564549994
AudioMixerEffectController:
  m_ObjectHideFlags: 3
  m_PrefabParentObject: {fileID: 0}
  m_PrefabInternal: {fileID: 0}
  m_Name: 
  m_EffectID: afb195eccc8eb88478a54d615455ce88
  m_EffectName: Attenuation
  m_MixLevel: 1c05eb55a2f46494c9ede87a61a972aa
  m_Parameters: []
  m_SendTarget: {fileID: 0}
  m_EnableWetMix: 0
  m_Bypass: 0
--- !u!244 &244273783323440504
AudioMixerEffectController:
  m_ObjectHideFlags: 3
  m_PrefabParentObject: {fileID: 0}
  m_PrefabInternal: {fileID: 0}
  m_Name: 
  m_EffectID: 9405fdad92e12d54ca0c61969a6772b1
  m_EffectName: Attenuation
  m_MixLevel: 5f46f4e9242b958488655906c5d06158
  m_Parameters: []
  m_SendTarget: {fileID: 0}
  m_EnableWetMix: 0
  m_Bypass: 0
--- !u!244 &244584182325417880
AudioMixerEffectController:
  m_ObjectHideFlags: 3
  m_PrefabParentObject: {fileID: 0}
  m_PrefabInternal: {fileID: 0}
  m_Name: 
  m_EffectID: 0f0f533d5abc0524ea3961175c5fc9a4
  m_EffectName: Distortion
  m_MixLevel: 31d05c995824c204e964910b166cf425
  m_Parameters:
  - m_ParameterName: Level
    m_GUID: 5c45e943798e4594d932627d2275d0ee
  m_SendTarget: {fileID: 0}
  m_EnableWetMix: 0
  m_Bypass: 0
